<?xml version="1.0" encoding="UTF-8"?><collection xmlns="http://www.loc.gov/MARC21/slim"><record><leader>00457nam--2200169-u-4500</leader><controlfield tag="001">000055431</controlfield><controlfield tag="002">20161230</controlfield><controlfield tag="005">20161230201052</controlfield><controlfield tag="008">130207s1000------------r-----000-0-eng-d</controlfield><datafield ind1=" " ind2=" " tag="040"><subfield code="a">IFIN-HH</subfield></datafield><datafield ind1=" " ind2=" " tag="080"><subfield code="a">413.232=2=S:55</subfield></datafield><datafield ind1="1" ind2=" " tag="100"><subfield code="a">Sofiano, T.A</subfield></datafield><datafield ind1="1" ind2="0" tag="245"><subfield code="a">Russko-angliiskii geologiceskii slovari</subfield><subfield code="b">Russian-english geological dictionary</subfield><subfield code="c">T.a. sofiano</subfield></datafield><datafield ind1=" " ind2=" " tag="260"><subfield code="a">Moskva</subfield><subfield code="c">1960</subfield></datafield><datafield ind1=" " ind2=" " tag="300"><subfield code="a">559P</subfield></datafield><datafield ind1=" " ind2=" " tag="852"><subfield code="a">D.218</subfield><subfield code="c">SLG</subfield></datafield><datafield ind1=" " ind2=" " tag="CAT"><subfield code="a">Sys</subfield><subfield code="c">20130207</subfield><subfield code="h">163526</subfield></datafield></record></collection>